@article{Bates2015,
abstract = {Fit linear and generalized linear mixed-effects models. The models and their components are represented using S4 classes and methods. The core computational algorithms are implemented using the Eigen C++ library for numerical linear algebra and RcppEigen ``glue''.},
archivePrefix = {arXiv},
arxivId = {1406.5823},
author = {Bates, Douglas and M{\"{a}}chler, Martin and Bolker, Benjamin M. and Walker, Steven C.},
doi = {10.18637/jss.v067.i01},
eprint = {1406.5823},
file = {:home/chaconmo/.local/share/data/Mendeley Ltd./Mendeley Desktop/Downloaded/Bates et al. - 2015 - Fitting linear mixed-effects models using lme4.pdf:pdf},
isbn = {{\%}(},
issn = {1548-7660},
journal = {Journal of Statistical Software},
keywords = {Cholesky decomposition,linear mixed models,penalized least squares,sparse matrix methods},
number = {1},
pages = {1--48},
title = {{Fitting linear mixed-effects models using lme4}},
url = {http://cran.r-project.org/package=lme4$\backslash$nhttp://www.jstatsoft.org/index.php/jss/article/view/v067i01/v67i01.pdf},
volume = {67},
year = {2015}
}
@article{Lang,
author = {Lang, Duncan Temple},
file = {:home/chaconmo/Downloads/bigmemory-vignette.pdf:pdf},
journal = {Journal Of Statistical Software},
keywords = {application independent data format,input,javascript,output,web services},
number = {Ii},
title = {{Journal of Statistical Software The RJSONIO package}},
volume = {VV}
}
