@misc{Resource1,
author = {Benitez-Vieyra, Santiago},
title = {{Introducción al Lenguage R. Modelos Lineales y Fundamentos de Programación}},
note={URL \url{https://github.com/santiagombv/cursoR}},
year = {2010}
}

@misc{Resource2,
author = {O'Reilly},
title = {{Try R}},
note={URL \url{http://tryr.codeschool.com/levels/1/challenges/3}},
}

